<?xml version="1.0" encoding="UTF-8"?>
<marc:collection xmlns:marc="http://www.loc.gov/MARC21/slim" xmlns:xsi="http://www.w3.org/2001/XMLSchema-instance" xsi:schemaLocation="http://www.loc.gov/MARC21/slim http://www.loc.gov/standards/marcxml/schema/MARC21slim.xsd">
   <marc:record type="Bibliographic">
      <marc:leader>01298cam a2200337 a 4500</marc:leader>
      <marc:controlfield tag="001">2433170</marc:controlfield>
      <marc:controlfield tag="003">NjP</marc:controlfield>
      <marc:controlfield tag="005">20130613141431.0</marc:controlfield>
      <marc:controlfield tag="008">990722q19901998ir       b    000 0 ara d</marc:controlfield>
      <marc:datafield tag="024" ind1="7" ind2=" ">
         <marc:subfield code="a">princeton_aco000932</marc:subfield>
         <marc:subfield code="2">local</marc:subfield>
      </marc:datafield>
      <marc:datafield tag="035" ind1=" " ind2=" ">
         <marc:subfield code="a">(OCoLC)ocn178282098</marc:subfield>
      </marc:datafield>
      <marc:datafield tag="035" ind1=" " ind2=" ">
         <marc:subfield code="a">(OCoLC)178282098</marc:subfield>
      </marc:datafield>
      <marc:datafield tag="035" ind1=" " ind2=" ">
         <marc:subfield code="a">(CStRLIN)NJPG99-B37900</marc:subfield>
      </marc:datafield>
      <marc:datafield tag="035" ind1=" " ind2=" ">
         <marc:subfield code="9">CLJ8527TS</marc:subfield>
      </marc:datafield>
      <marc:datafield tag="035" ind1=" " ind2=" ">
         <marc:subfield code="a">(NjP)2433170</marc:subfield>
      </marc:datafield>
      <marc:datafield tag="040" ind1=" " ind2=" ">
         <marc:subfield code="a">NjP</marc:subfield>
         <marc:subfield code="c">PUL</marc:subfield>
         <marc:subfield code="d">PUL</marc:subfield>
      </marc:datafield>
      <marc:datafield tag="049" ind1=" " ind2=" ">
         <marc:subfield code="a">PULL</marc:subfield>
      </marc:datafield>
      <marc:datafield tag="079" ind1=" " ind2=" ">
         <marc:subfield code="a">ocm42036405</marc:subfield>
      </marc:datafield>
      <marc:datafield tag="100" ind1="1" ind2=" ">
         <marc:subfield code="6">880-01</marc:subfield>
         <marc:subfield code="a">Suyūṭī,</marc:subfield>
         <marc:subfield code="d">1445-1505.</marc:subfield>
      </marc:datafield>
      <marc:datafield tag="245" ind1="1" ind2="0">
         <marc:subfield code="6">880-02</marc:subfield>
         <marc:subfield code="a">Āyat al-Kursī :</marc:subfield>
         <marc:subfield code="b">maʻānīhā wa-faḍāʼiluhā /</marc:subfield>
         <marc:subfield code="c">lil-Imām Jalāl al-Dīn al-Suyūṭī.</marc:subfield>
      </marc:datafield>
      <marc:datafield tag="260" ind1=" " ind2=" ">
         <marc:subfield code="6">880-03</marc:subfield>
         <marc:subfield code="a">[Iran?] :</marc:subfield>
         <marc:subfield code="b">Dār al-Tarbiyah,</marc:subfield>
         <marc:subfield code="c">[199-?]</marc:subfield>
      </marc:datafield>
      <marc:datafield tag="300" ind1=" " ind2=" ">
         <marc:subfield code="a">78 p. ;</marc:subfield>
         <marc:subfield code="c">22 cm.</marc:subfield>
      </marc:datafield>
      <marc:datafield tag="504" ind1=" " ind2=" ">
         <marc:subfield code="a">Includes bibliographical references.</marc:subfield>
      </marc:datafield>
      <marc:datafield tag="630" ind1="0" ind2="0">
         <marc:subfield code="a">Qurʼan.</marc:subfield>
         <marc:subfield code="p">Āyat al-Kursī</marc:subfield>
         <marc:subfield code="v">Commentaries.</marc:subfield>
      </marc:datafield>
      <marc:datafield tag="880" ind1="1" ind2=" ">
         <marc:subfield code="6">100-01/r</marc:subfield>
         <marc:subfield code="a">سيوطي،</marc:subfield>
         <marc:subfield code="d">1445-1505.</marc:subfield>
      </marc:datafield>
      <marc:datafield tag="880" ind1="1" ind2="0">
         <marc:subfield code="6">245-02/r</marc:subfield>
         <marc:subfield code="a">آية الكرسي :</marc:subfield>
         <marc:subfield code="b">معانيها وفضائلها /</marc:subfield>
         <marc:subfield code="c">للامام جلال الدين السيوطي.</marc:subfield>
      </marc:datafield>
      <marc:datafield tag="880" ind1=" " ind2=" ">
         <marc:subfield code="6">260-03/r</marc:subfield>
         <marc:subfield code="a">[اىران؟] :</marc:subfield>
         <marc:subfield code="b">دار التربية،</marc:subfield>
         <marc:subfield code="c">[199-؟]</marc:subfield>
      </marc:datafield>
      <marc:datafield tag="852" ind1="0" ind2=" ">
         <marc:subfield code="b">nec</marc:subfield>
         <marc:subfield code="h">BP130.4</marc:subfield>
         <marc:subfield code="i">.S898 1990z</marc:subfield>
         <marc:subfield code="p">2729485</marc:subfield>
         <marc:subfield code="x">reclassed from: 2276.069.3134 1990z</marc:subfield>
      </marc:datafield>
      <marc:datafield tag="998" ind1=" " ind2=" ">
         <marc:subfield code="a">07/22/99</marc:subfield>
         <marc:subfield code="s">9110</marc:subfield>
         <marc:subfield code="n">NjP</marc:subfield>
         <marc:subfield code="w">DCLC85963097B</marc:subfield>
         <marc:subfield code="d">07/22/99</marc:subfield>
         <marc:subfield code="c">JEB</marc:subfield>
         <marc:subfield code="b">JEB</marc:subfield>
         <marc:subfield code="i">990722</marc:subfield>
         <marc:subfield code="l">NJPG</marc:subfield>
      </marc:datafield>
      <marc:datafield tag="911" ind1=" " ind2=" ">
         <marc:subfield code="a">19990729</marc:subfield>
      </marc:datafield>
      <marc:datafield tag="912" ind1=" " ind2=" ">
         <marc:subfield code="a">19990722000000.0</marc:subfield>
      </marc:datafield>
      <marc:datafield tag="994" ind1=" " ind2=" ">
         <marc:subfield code="a">C0</marc:subfield>
         <marc:subfield code="b">PUL</marc:subfield>
      </marc:datafield>
      <marc:datafield tag="999" ind1=" " ind2=" ">
         <marc:subfield code="a">2433170</marc:subfield>
      </marc:datafield>
   </marc:record>
</marc:collection>
